<?xml version="1.0" encoding="UTF-8"?><collection xmlns="http://www.loc.gov/MARC21/slim"><record><leader>00430nam--2200169-u-4500</leader><controlfield tag="001">000050972</controlfield><controlfield tag="002">20161230</controlfield><controlfield tag="005">20170119004054</controlfield><controlfield tag="008">080506s1000------------r-----000-0-eng-d</controlfield><datafield ind1=" " ind2=" " tag="040"><subfield code="a">IFIN-HH</subfield></datafield><datafield ind1="1" ind2=" " tag="100"><subfield code="a">Vinogradov, I. M</subfield></datafield><datafield ind1="1" ind2=" " tag="245"><subfield code="a">Bazele teoriei numerelor</subfield></datafield><datafield ind1=" " ind2=" " tag="250"><subfield code="a">Editia a VI-a corectata</subfield></datafield><datafield ind1=" " ind2=" " tag="260"><subfield code="a">Bucuresti</subfield><subfield code="b">Editura Academiei RPR</subfield><subfield code="c">1954</subfield></datafield><datafield ind1=" " ind2=" " tag="300"><subfield code="a">152 p</subfield></datafield><datafield ind1=" " ind2=" " tag="852"><subfield code="a">3498</subfield><subfield code="c">511.2</subfield></datafield><datafield ind1=" " ind2=" " tag="CAT"><subfield code="a">SYS</subfield><subfield code="c">20170119</subfield><subfield code="h">004054</subfield></datafield></record></collection>